@article{wellens2001ventricular,
  title={Ventricular tachycardia: diagnosis of broad QRS complex tachycardia},
  author={Wellens, Hein JJ},
  journal={Heart},
  volume={86},
  number={5},
  pages={579--585},
  year={2001},
  publisher={BMJ Publishing Group Ltd and British Cardiovascular Society}
}

@ARTICLE{6570512,
  author={Li, Qiao and Rajagopalan, Cadathur and Clifford, Gari D.},
  journal={IEEE Transactions on Biomedical Engineering}, 
  title={Ventricular Fibrillation and Tachycardia Classification Using a Machine Learning Approach}, 
  year={2014},
  volume={61},
  number={6},
  pages={1607-1613},
  doi={10.1109/TBME.2013.2275000}}
